<record><leader>00000cas a22000007a 4500</leader><controlfield tag="001">37516985</controlfield><controlfield tag="008">970822d19491954cauwr ne      0    0eng d</controlfield><datafield ind1=" " ind2=" " tag="010"><subfield code="a">sn 97069596 </subfield></datafield><datafield ind1=" " ind2=" " tag="040"><subfield code="a">CNK</subfield><subfield code="b">eng</subfield><subfield code="c">CNK</subfield><subfield code="d">OCLCQ</subfield></datafield><datafield ind1=" " ind2=" " tag="042"><subfield code="a">msc</subfield></datafield><datafield ind1="0" ind2="4" tag="245"><subfield code="a">The Linda Vista reflector.</subfield></datafield><datafield ind1=" " ind2=" " tag="260"><subfield code="a">[S.l.] :</subfield><subfield code="b">Margaret Hottell</subfield></datafield><datafield ind1=" " ind2=" " tag="300"><subfield code="a">v.</subfield></datafield><datafield ind1=" " ind2=" " tag="310"><subfield code="a">Weekly</subfield></datafield><datafield ind1="0" ind2=" " tag="362"><subfield code="a">Vol. 1, no. 1 (Dec. 22, 1949)-v. 5, no. 31 (July 22, 1954).</subfield></datafield><datafield ind1=" " ind2="4" tag="651"><subfield code="a">Linda Vista (San Diego, Calif.)</subfield><subfield code="v">Newspapers.</subfield></datafield><datafield ind1=" " ind2=" " tag="752"><subfield code="a">United States</subfield><subfield code="b">California</subfield><subfield code="c">San Diego</subfield><subfield code="d">San Diego.</subfield></datafield><datafield ind1="0" ind2="0" tag="785"><subfield code="t">Linda Vista Clairemont press</subfield><subfield code="w">(DLC)sn 97069597</subfield></datafield><datafield ind1="1" ind2=" " tag="029"><subfield code="a">AU@</subfield><subfield code="b">000013434934</subfield></datafield></record>